@article{fund2015sustainable,
  title={Sustainable development goals},
  author={FUND, SDG},
  journal={Available at this link: https://www. un. org/sustainabledevelopment/inequality},
  year={2015}
}

@article{alliance2017global,
  title={Global sustainable investment review 2016},
  author={Alliance, Global Sustainable Investment},
  year={2017},
  publisher={Global Sustainable Investment Alliance}
}

@inproceedings{agreement2015paris,
  title={Paris agreement},
  author={Agreement, Paris},
  booktitle={report of the conference of the parties to the United Nations framework convention on climate change (21st session, 2015: Paris). Retrived December},
  volume={4},
  pages={2017},
  year={2015},
  organization={HeinOnline}
}

@techreport{hartzmark2022predictable,
  title={Predictable price pressure},
  author={Hartzmark, Samuel M and Solomon, David H},
  year={2022},
  institution={National Bureau of Economic Research}
}

@article{krueger2020importance,
  title={The importance of climate risks for institutional investors},
  author={Krueger, Philipp and Sautner, Zacharias and Starks, Laura T},
  journal={The Review of Financial Studies},
  volume={33},
  number={3},
  pages={1067--1111},
  year={2020},
  publisher={Oxford University Press}
}

@article{faccini2023dissecting,
  title={Dissecting climate risks: Are they reflected in stock prices?},
  author={Faccini, Renato and Matin, Rastin and Skiadopoulos, George},
  journal={Journal of Banking \& Finance},
  volume={155},
  pages={106948},
  year={2023},
  publisher={Elsevier}
}

@article{garvey2018carbon,
  title={Carbon footprint and productivity: does the “E” in ESG capture efficiency as well as environment},
  author={Garvey, Gerald T and Iyer, Mohanaraman and Nash, Joanna},
  journal={Journal of Investment Management},
  volume={16},
  number={1},
  pages={59--69},
  year={2018}
}

@article{in2017being,
  title={Is “being green” rewarded in the market? An empirical investigation of decarbonization risk and stock returns},
  author={In, Soh Young and Park, Ki Young and Monk, Ashby},
  journal={International Association for Energy Economics (Singapore Issue)},
  volume={46},
  number={48},
  year={2017}
}

@article{andersson2016hedging,
  title={Hedging climate risk},
  author={Andersson, Mats and Bolton, Patrick and Samama, Fr{\'e}d{\'e}ric},
  journal={Financial Analysts Journal},
  volume={72},
  number={3},
  pages={13--32},
  year={2016},
  publisher={Taylor \& Francis}
}

@article{hsu2023pollution,
  title={The pollution premium},
  author={Hsu, Po-hsuan and Li, Kai and Tsou, Chi-yang},
  journal={The Journal of Finance},
  volume={78},
  number={3},
  pages={1343--1392},
  year={2023},
  publisher={Wiley Online Library}
}

@techreport{baker2018financing,
  title={Financing the response to climate change: The pricing and ownership of US green bonds},
  author={Baker, Malcolm and Bergstresser, Daniel and Serafeim, George and Wurgler, Jeffrey},
  year={2018},
  institution={National Bureau of Economic Research}
}

@article{ilhan2021carbon,
  title={Carbon tail risk},
  author={Ilhan, Emirhan and Sautner, Zacharias and Vilkov, Grigory},
  journal={The Review of Financial Studies},
  volume={34},
  number={3},
  pages={1540--1571},
  year={2021},
  publisher={Oxford University Press}
}

@article{zerbib2022sustainable,
  title={A sustainable capital asset pricing model (S-CAPM): Evidence from environmental integration and sin stock exclusion},
  author={Zerbib, Olivier David},
  journal={Review of Finance},
  volume={26},
  number={6},
  pages={1345--1388},
  year={2022},
  publisher={Oxford University Press}
}

@article{chava2014environmental,
  title={Environmental externalities and cost of capital},
  author={Chava, Sudheer},
  journal={Management Science},
  volume={60},
  number={9},
  pages={2223--2247},
  year={2014},
  publisher={INFORMS}
}

@techreport{bolton2021global,
  title={Global pricing of carbon-transition risk},
  author={Bolton, Patrick and Kacperczyk, Marcin},
  year={2021},
  institution={National Bureau of Economic Research}
}

@article{gorgen2020carbon,
  title={Carbon risk},
  author={G{\"o}rgen, Maximilian and Jacob, Andrea and Nerlinger, Martin and Riordan, Ryan and Rohleder, Martin and Wilkens, Marco},
  journal={Available at SSRN 2930897},
  year={2020}
}

@article{avramov2022sustainable,
  title={Sustainable investing with ESG rating uncertainty},
  author={Avramov, Doron and Cheng, Si and Lioui, Abraham and Tarelli, Andrea},
  journal={Journal of Financial Economics},
  volume={145},
  number={2},
  pages={642--664},
  year={2022},
  publisher={Elsevier}
}

@article{friede2015esg,
  title={ESG and financial performance: aggregated evidence from more than 2000 empirical studies},
  author={Friede, Gunnar and Busch, Timo and Bassen, Alexander},
  journal={Journal of Sustainable Finance \& Investment},
  volume={5},
  number={4},
  pages={210--233},
  year={2015},
  publisher={Taylor \& Francis}
}

@article{engberg2021influence,
  title={Is the influence of neoliberalism on development norms waning? Evidence from the Addis Ababa Action Agenda and the 2030 Agenda for Sustainable Development},
  author={Engberg-Pedersen, Lars},
  journal={Development Policy Review},
  volume={39},
  number={4},
  pages={682--700},
  year={2021},
  doi = {10.1111/dpr.12521},
  publisher={Wiley Online Library}
}

@article{kelman2015climate,
  title={Climate change and the Sendai framework for disaster risk reduction},
  author={Kelman, Ilan},
  journal={International Journal of Disaster Risk Science},
  volume={6},
  pages={117--127},
  year={2015},
  doi = {10.1007/s13753-015-0046-5},
  publisher={Springer}
}

@article{dimitrov2016paris,
  title={The Paris agreement on climate change: Behind closed doors},
  author={Dimitrov, Radoslav S},
  journal={Global Environmental Politics},
  volume={16},
  number={3},
  pages={1--11},
  year={2016},
  doi = {10.1162/GLEP_a_00361},
  publisher={MIT Press One Rogers Street, Cambridge, MA 02142-1209, USA journals-info~…}
}

@article{aswani2023carbon,
  title={Are carbon emissions associated with stock returns?},
  author={Aswani, Jitendra and Raghunandan, Aneesh and Rajgopal, Shivaram},
  journal={Review of Finance, forthcoming},
  year={2023}
}

@article{bolton2023carbon,
  title={Are carbon emissions associated with stock returns? Comment},
  author={Bolton, Patrick and Kacperczyk, Marcin},
  journal={Review of Finance},
  pages={rfad019},
  year={2023},
  publisher={Oxford University Press}
}

@article{oestreich2015carbon,
  title={Carbon emissions and stock returns: Evidence from the EU Emissions Trading Scheme},
  author={Oestreich, A Marcel and Tsiakas, Ilias},
  journal={Journal of Banking \& Finance},
  volume={58},
  pages={294--308},
  year={2015},
  publisher={Elsevier}
}

@article{pastor2022dissecting,
  title={Dissecting green returns},
  author={P{\'a}stor, L'ubo{\v{s}} and Stambaugh, Robert F and Taylor, Lucian A},
  journal={Journal of Financial Economics},
  volume={146},
  number={2},
  pages={403--424},
  year={2022},
  publisher={Elsevier}
}

@article{bolton2021investors,
  title={Do investors care about carbon risk?},
  author={Bolton, Patrick and Kacperczyk, Marcin},
  journal={Journal of Financial Economics},
  volume={142},
  number={2},
  pages={517--549},
  year={2021},
  publisher={Elsevier}
}

@article{fama1993common,
  title={Common risk factors in the returns on stocks and bonds},
  author={Fama, Eugene F and French, Kenneth R},
  journal={Journal of Financial Economics},
  volume={33},
  number={1},
  pages={3--56},
  year={1993},
  publisher={Elsevier}
}

@article{fama2015five,
  title={A five-factor asset pricing model},
  author={Fama, Eugene F and French, Kenneth R},
  journal={Journal of Financial Economics},
  volume={116},
  number={1},
  pages={1--22},
  year={2015},
  publisher={Elsevier}
}

@article{petersen2008,
    author = {Petersen, Mitchell A.},
    title = "{Estimating Standard Errors in Finance Panel Data Sets: Comparing Approaches}",
    journal = {The Review of Financial Studies},
    volume = {22},
    number = {1},
    pages = {435-480},
    year = {2008},
    month = {06},
    issn = {0893-9454},
    doi = {10.1093/rfs/hhn053},
    url = {https://doi.org/10.1093/rfs/hhn053},
    eprint = {https://academic.oup.com/rfs/article-pdf/22/1/435/24453539/hhn053.pdf},
}

@article{jegadeesh1993returns,
  title={Returns to buying winners and selling losers: Implications for stock market efficiency},
  author={Jegadeesh, Narasimhan and Titman, Sheridan},
  journal={The Journal of finance},
  volume={48},
  number={1},
  pages={65--91},
  year={1993},
  publisher={Wiley Online Library}
}

@article{pastor2003liquidity,
  title={Liquidity risk and expected stock returns},
  author={P{\'a}stor, L'ubo{\v{s}} and Stambaugh, Robert F},
  journal={Journal of Political economy},
  volume={111},
  number={3},
  pages={642--685},
  year={2003},
  publisher={The University of Chicago Press}
}

@article{pastor2021sustainable,
  title={Sustainable investing in equilibrium},
  author={P{\'a}stor, L'ubo{\v{s}} and Stambaugh, Robert F and Taylor, Lucian A},
  journal={Journal of Financial Economics},
  volume={142},
  number={2},
  pages={550--571},
  year={2021},
  publisher={Elsevier}
}

@article{ardia2022climate,
  title={Climate change concerns and the performance of green vs. brown stocks},
  author={Ardia, David and Bluteau, Keven and Boudt, Kris and Inghelbrecht, Koen},
  journal={Management Science},
  year={2022},
  publisher={INFORMS}
}

@article{baker2007investor,
  title={Investor sentiment in the stock market},
  author={Baker, Malcolm and Wurgler, Jeffrey},
  journal={Journal of Economic Perspectives},
  volume={21},
  number={2},
  pages={129--151},
  year={2007},
  publisher={American Economic Association}
}

@article{white1980heteroskedasticity,
  title={A heteroskedasticity-consistent covariance matrix estimator and a direct test for heteroskedasticity},
  author={White, Halbert},
  journal={Econometrica},
  pages={817--838},
  year={1980},
  publisher={JSTOR}
}

@article{petersen2008estimating,
  title={Estimating standard errors in finance panel data sets: Comparing approaches},
  author={Petersen, Mitchell A},
  journal={The Review of Financial Studies},
  volume={22},
  number={1},
  pages={435--480},
  year={2008},
  publisher={Society for Financial Studies}
}

@book{angrist2009mostly,
  title={Mostly harmless econometrics: An empiricist's companion},
  author={Angrist, Joshua D and Pischke, J{\"o}rn-Steffen},
  year={2009},
  publisher={Princeton University Press}
}

@article{koijen2019demand,
  title={A demand system approach to asset pricing},
  author={Koijen, Ralph SJ and Yogo, Motohiro},
  journal={Journal of Political Economy},
  volume={127},
  number={4},
  pages={1475--1515},
  year={2019},
  publisher={The University of Chicago Press Chicago, IL}
}

@techreport{gabaix2021search,
  title={In search of the origins of financial fluctuations: The inelastic markets hypothesis},
  author={Gabaix, Xavier and Koijen, Ralph SJ},
  year={2021},
  institution={National Bureau of Economic Research}
}

@article{pedersen2021responsible,
  title={Responsible investing: The ESG-efficient frontier},
  author={Pedersen, Lasse Heje and Fitzgibbons, Shaun and Pomorski, Lukasz},
  journal={Journal of Financial Economics},
  volume={142},
  number={2},
  pages={572--597},
  year={2021},
  publisher={Elsevier}
}

@article{engle2020hedging,
  title={Hedging climate change news},
  author={Engle, Robert F and Giglio, Stefano and Kelly, Bryan and Lee, Heebum and Stroebel, Johannes},
  journal={The Review of Financial Studies},
  volume={33},
  number={3},
  pages={1184--1216},
  year={2020},
  publisher={Oxford University Press}
}

@article{kapfhammer2020climate,
  title={Climate risk and commodity currencies},
  author={Kapfhammer, Felix and Larsen, Vegard H and Thorsrud, Leif Anders},
  year={2020},
  publisher={CESifo Working Paper}
}

@techreport{faccini2021climate,
  title={Are climate change risks priced in the us stock market?},
  author={Faccini, Renato and Matin, Rastin and Skiadopoulos, George},
  year={2021},
  institution={Danmarks Nationalbank Working Papers}
}

@techreport{BNPParibas2023,
    author = {BNP Paribas},
    title = {The ESG Global Survey 2023 (4th edition)},
    institution = {BNP Paribas Securities Services},
    year = {2023}
}

@article{perez2000firm,
  title={Firm size and cyclical variations in stock returns},
  author={Perez-Quiros, Gabriel and Timmermann, Allan},
  journal={The Journal of Finance},
  volume={55},
  number={3},
  pages={1229--1262},
  year={2000},
  publisher={Wiley Online Library}
}

@article{george2010resolution,
  title={A resolution of the distress risk and leverage puzzles in the cross section of stock returns},
  author={George, Thomas J and Hwang, Chuan-Yang},
  journal={Journal of financial economics},
  volume={96},
  number={1},
  pages={56--79},
  year={2010},
  publisher={Elsevier}
}

@article{lamont2000investment,
  title={Investment plans and stock returns},
  author={Lamont, Owen A},
  journal={The Journal of Finance},
  volume={55},
  number={6},
  pages={2719--2745},
  year={2000},
  publisher={Wiley Online Library}
}